@misc{zillsZnTrackDataCode2024,
  title = {{{ZnTrack}} -- {{Data}} as {{Code}}},
  author = {Zills, Fabian and Sch{\"a}fer, Moritz and Tovey, Samuel and K{\"a}stner, Johannes and Holm, Christian},
  year = {2024},
  eprint={2401.10603},
  archivePrefix={arXiv},
}
@article{zillsCollaborationMachineLearnedPotentials2024,
  title = {Collaboration on {{Machine-Learned Potentials}} with {{IPSuite}}: {{A Modular Framework}} for {{Learning-on-the-Fly}}},
  shorttitle = {Collaboration on {{Machine-Learned Potentials}} with {{IPSuite}}},
  author = {Zills, Fabian and Schäfer, Moritz René and Segreto, Nico and Kästner, Johannes and Holm, Christian and Tovey, Samuel},
  year = 2024,
  journal = {J. Phys. Chem. B},
  publisher = {American Chemical Society},
  issn = {1520-6106},
  doi = {10.1021/acs.jpcb.3c07187},
}
@misc{elijosiusZeroShotMolecular2024,
  title = {Zero {{Shot Molecular Generation}} via {{Similarity Kernels}}},
  author = {Elijo{\v s}ius, Rokas and Zills, Fabian and Batatia, Ilyes and Norwood, Sam Walton and Kov{\'a}cs, D{\'a}vid P{\'e}ter and Holm, Christian and Cs{\'a}nyi, G{\'a}bor},
  year = {2024},
  eprint = {2402.08708},
  archiveprefix = {arxiv},
}
@article{dengCHGNetPretrainedUniversal2023,
  title = {{{CHGNet}} as a Pretrained Universal Neural Network Potential for Charge-Informed Atomistic Modelling},
  author = {Deng, Bowen and Zhong, Peichen and Jun, KyuJung and Riebesell, Janosh and Han, Kevin and Bartel, Christopher J. and Ceder, Gerbrand},
  journal = {Nat Mach Intell},
  year = {2023},
}

@online{batatiaFoundationModelAtomistic2023,
  title = {A Foundation Model for Atomistic Materials Chemistry},
  author = {Batatia et al., Ilyes},
  year = {2023},
  eprint = {2401.00096},
  archiveprefix = {arxiv},
}
