@inproceedings{wodtko2025unified,
   author = {Thomas Wodtko and Thomas Griebel and Michael Buchholz and Klaus Dietmayer},
   booktitle = {16. Uni-DAS e.V. Workshop Fahrerassistenz und automatisiertes Fahren},
   title = {A Unified Self-Assessment Framework for Autonomous Driving Stacks Using Subjective Logic},
   year = {2025}
}

