@ARTICLE{Drimmel:2024,
       author = {{Drimmel}, Ronald and {Khanna}, Shourya and {Poggio}, Eloisa and {Skowron}, Dorota M.},
        title = "{The Milky Way as Seen by Classical Cepheids II: Spiral Structure}",
      journal = {arXiv e-prints},
     keywords = {Astrophysics - Astrophysics of Galaxies},
         year = 2024,
        month = jun,
          eid = {arXiv:2406.09127},
        pages = {arXiv:2406.09127},
          doi = {10.48550/arXiv.2406.09127},
archivePrefix = {arXiv},
       eprint = {2406.09127},
 primaryClass = {astro-ph.GA},
       adsurl = {https://ui.adsabs.harvard.edu/abs/2024arXiv240609127D},
      adsnote = {Provided by the SAO/NASA Astrophysics Data System}
}

#

@ARTICLE{Skowron:2024,
       author = {{Skowron}, Dorota M. and {Drimmel}, Ronald and {Khanna}, Shourya and {Spagna}, Alessandro and {Poggio}, Eloisa and {Ramos}, Pau},
        title = "{The Milky Way as seen by Classical Cepheids I: distances based on mid-infrared photometry}",
      journal = {arXiv e-prints},
     keywords = {Astrophysics - Astrophysics of Galaxies, Astrophysics - Solar and Stellar Astrophysics},
         year = 2024,
        month = jun,
          eid = {arXiv:2406.09113},
        pages = {arXiv:2406.09113},
          doi = {10.48550/arXiv.2406.09113},
archivePrefix = {arXiv},
       eprint = {2406.09113},
 primaryClass = {astro-ph.GA},
       adsurl = {https://ui.adsabs.harvard.edu/abs/2024arXiv240609113S},
      adsnote = {Provided by the SAO/NASA Astrophysics Data System}
}

@ARTICLE{Reid:2019,
       author = {{Reid}, M.~J. and {Menten}, K.~M. and {Brunthaler}, A. and {Zheng}, X.~W. and {Dame}, T.~M. and {Xu}, Y. and {Li}, J. and {Sakai}, N. and {Wu}, Y. and {Immer}, K. and {Zhang}, B. and {Sanna}, A. and {Moscadelli}, L. and {Rygl}, K.~L.~J. and {Bartkiewicz}, A. and {Hu}, B. and {Quiroga-Nu{\~n}ez}, L.~H. and {van Langevelde}, H.~J.},
        title = "{Trigonometric Parallaxes of High-mass Star-forming Regions: Our View of the Milky Way}",
      journal = {\apj},
     keywords = {Milky Way, Milky Way dynamics, Milky Way rotation, Trigonometric parallax, Star formation, Gravitational wave sources, 1054, 1051, 1059, 1713, 1569, 677, Astrophysics - Astrophysics of Galaxies},
         year = 2019,
        month = nov,
       volume = {885},
       number = {2},
          eid = {131},
        pages = {131},
          doi = {10.3847/1538-4357/ab4a11},
archivePrefix = {arXiv},
       eprint = {1910.03357},
 primaryClass = {astro-ph.GA},
       adsurl = {https://ui.adsabs.harvard.edu/abs/2019ApJ...885..131R},
      adsnote = {Provided by the SAO/NASA Astrophysics Data System}
}

@ARTICLE{Poggio:2021,
       author = {{Poggio}, E. and {Drimmel}, R. and {Cantat-Gaudin}, T. and {Ramos}, P. and {Ripepi}, V. and {Zari}, E. and {Andrae}, R. and {Blomme}, R. and {Chemin}, L. and {Clementini}, G. and {Figueras}, F. and {Fouesneau}, M. and {Fr{\'e}mat}, Y. and {Lobel}, A. and {Marshall}, D.~J. and {Muraveva}, T. and {Romero-G{\'o}mez}, M.},
        title = "{Galactic spiral structure revealed by Gaia EDR3}",
      journal = {\aap},
     keywords = {Galaxy: disk, Galaxy: structure, Galaxy: stellar content, Astrophysics - Astrophysics of Galaxies},
         year = 2021,
        month = jul,
       volume = {651},
          eid = {A104},
        pages = {A104},
          doi = {10.1051/0004-6361/202140687},
archivePrefix = {arXiv},
       eprint = {2103.01970},
 primaryClass = {astro-ph.GA},
       adsurl = {https://ui.adsabs.harvard.edu/abs/2021A&A...651A.104P},
      adsnote = {Provided by the SAO/NASA Astrophysics Data System}
}

@ARTICLE{Levine:2006,
       author = {{Levine}, E.~S. and {Blitz}, Leo and {Heiles}, Carl},
        title = "{The Spiral Structure of the Outer Milky Way in Hydrogen}",
      journal = {Science},
     keywords = {ASTRONOMY, Astrophysics},
         year = 2006,
        month = jun,
       volume = {312},
       number = {5781},
        pages = {1773-1777},
          doi = {10.1126/science.1128455},
archivePrefix = {arXiv},
       eprint = {astro-ph/0605728},
 primaryClass = {astro-ph},
       adsurl = {https://ui.adsabs.harvard.edu/abs/2006Sci...312.1773L},
      adsnote = {Provided by the SAO/NASA Astrophysics Data System}
}

@ARTICLE{Hou:2009,
       author = {{Hou}, L.~G. and {Han}, J.~L. and {Shi}, W.~B.},
        title = "{The spiral structure of our Milky Way Galaxy}",
      journal = {\aap},
     keywords = {Galaxy: structure, Galaxy: kinematics and dynamics, ISM: HII regions, Astrophysics - Astrophysics of Galaxies},
         year = 2009,
        month = may,
       volume = {499},
       number = {2},
        pages = {473-482},
          doi = {10.1051/0004-6361/200809692},
archivePrefix = {arXiv},
       eprint = {0903.0721},
 primaryClass = {astro-ph.GA},
       adsurl = {https://ui.adsabs.harvard.edu/abs/2009A&A...499..473H},
      adsnote = {Provided by the SAO/NASA Astrophysics Data System}
}

@ARTICLE{Georgelin:1976,
       author = {{Georgelin}, Y.~M. and {Georgelin}, Y.~P.},
        title = "{The spiral structure of our Galaxy determined from H II regions.}",
      journal = {\aap},
     keywords = {Astronomical Models, Galactic Rotation, Galactic Structure, H Alpha Line, H Ii Regions, Milky Way Galaxy, Astronomical Maps, Hydrogen Ions, Kinematics, Radial Velocity, Radio Astronomy, Tables (Data), Visual Observation, Astrophysics},
         year = 1976,
        month = may,
       volume = {49},
        pages = {57-79},
       adsurl = {https://ui.adsabs.harvard.edu/abs/1976A&A....49...57G},
      adsnote = {Provided by the SAO/NASA Astrophysics Data System}
}

@ARTICLE{Taylor:1993,
       author = {{Taylor}, J.~H. and {Cordes}, J.~M.},
        title = "{Pulsar Distances and the Galactic Distribution of Free Electrons}",
      journal = {\apj},
     keywords = {Astrometry, Electron Density (Concentration), Free Electrons, Galactic Structure, H Ii Regions, Pulsars, Astronomical Models, Extragalactic Radio Sources, Interstellar Matter, Milky Way Galaxy, Astrophysics, GALAXY: STRUCTURE, ISM: GENERAL, STARS: PULSARS: GENERAL, STARS: DISTANCES},
         year = 1993,
        month = jul,
       volume = {411},
        pages = {674},
          doi = {10.1086/172870},
       adsurl = {https://ui.adsabs.harvard.edu/abs/1993ApJ...411..674T},
      adsnote = {Provided by the SAO/NASA Astrophysics Data System}
}

