@inproceedings{wodtko2024conflict,
  author={Wodtko, Thomas and Griebel, Thomas and Scheible, Alexander and Buchholz, Michael},
  booktitle={2024 27th International Conference on Information Fusion (FUSION)}, 
  title={Conflict Handling in Time-Dependent Subjective Networks}, 
  year={2024},
  volume={},
  number={},
  pages={1-8},
  keywords={Proposals;Logic},
  doi={10.23919/FUSION59988.2024.10706464}
}

