
@article{muse,
    title = {MUSE: MUlti-atlas region Segmentation utilizing Ensembles of registration algorithms and parameters, and locally optimal atlas selection},
    author = {Doshi, Jimit and Erus, Guray and Ou, Yangming and Resnick, Susan M and Gur, Ruben C and Gur, Raquel E and Satterthwaite, Theodore D and Furth, Susan and Davatzikos, Christos and {Alzheimer's Neuroimaging Initiative}},
    journal = {NeuroImage},
    volume = {127},
    pages = {186--195},
    year = {2016},
    publisher = {Elsevier},
    doi = {10.1016/j.neuroimage.2015.11.073},
    pmid = {26679328},
    pmcid = {PMC4806537}
}

@article{nipype,
	title = {Nipype: {A} {Flexible}, {Lightweight} and {Extensible} {Neuroimaging} {Data} {Processing} {Framework} in {Python}},
	volume = {5},
	issn = {1662-5196},
	shorttitle = {Nipype},
	url = {https://www.frontiersin.org/articles/10.3389/fninf.2011.00013/full},
	doi = {10.3389/fninf.2011.00013},
	language = {English},
	urldate = {2020-12-15},
	journal = {Frontiers in Neuroinformatics},
	author = {Gorgolewski, Krzysztof and Burns, Christopher D. and Madison, Cindee and Clark, Dav and Halchenko, Yaroslav O. and Waskom, Michael L. and Ghosh, Satrajit S.},
	year = {2011},
	note = {Publisher: Frontiers},
}
